@misc{WHO_BMI,
	title={A healthy lifestyle - {WHO} recommendations},
	author={{World Health Organization}},
	year={2010},
	note={\url{https://www.who.int/europe/news-room/fact-sheets/item/a-healthy-lifestyle---who-recommendations}}
}

@article{impute2,
	title={The rise of multiple imputation: a review of the
	reporting and implementation of the method in
	medical research},
	author={Panteha Hayati Rezvan and Katherine J Lee and Julie A Simpson},
	journal={BMC Medical Research Methodology},
	year={2015},
	publisher={BioMed Central},
	volume={15:30},
	doi={10.1186/s12874-015-0022-1}
}

@article{jadhav1,
	title={Comparison of Performance of Data Imputation Methods for Numeric Dataset},
	author={Anil Jadhav and Dhanya Pramod and Krishnan Ramanathan},
	journal={Applied Artificial Intelligence},
	page={913-933},
	year={2019},
	publisher={Taylor & Francis},
	volume={33},
	issue={10},
	doi={10.1080/08839514.2019.1637138}
}

@book{rubin1,
	title={Multiple Imputation for Nonresponse in Surveys},
	author={Donald B. Rubin},
	doi={10.1002/9780470316696},
	year={1987},
	series={Wiley Series in Probability and Statistics},
	publisher={Wiley}
}

@misc{rarnorld1,
	title={{STAT392: Sample Surveys}},
	author={Richard Arnold},
	year={2023},
	note={\url{https://homepages.ecs.vuw.ac.nz/~rarnold/STAT392/SampleSurveysBook/_book/nonresponse.html#types-of-nonresponse}},
	publisher={Victoria University of Wellington}
}
