@book{Agr10,
  title={Analysis of Ordinal Categorical Data},
  author={Agresti, A.},
  series={Wiley Series in Probability and Statistics},
  year={2010},
  edition= {2nd},
  publisher={Wiley}
}


@inproceedings{allison2014measures,
  title={Measures of fit for logistic regression},
  author={Allison, Paul D},
  booktitle={SAS Global Forum, Washington, DC},
  year={2014}
}


@article{And84, 
  title={Regression and Ordered Categorical Variables}, 
  author={Anderson, J. A.},
  volume={46}, 
  number={1}, 
  journal={Journal of the Royal Statistical Society Series B}, 
  year={1984}, 
  pages={1--30}
}


@article{Arb05,
  title={Model-checking techniques for stratified case-control studies},
  author={Arbogast, Patrick G and Lin, DY},
  journal={Statistics in Medicine},
  volume={24},
  number={2},
  pages={229--247},
  year={2005}
}

@article{archer2007goodness,
  title={Goodness-of-fit tests for logistic regression models when data are collected using a complex sampling design},
  author={Archer, Kellie J and Lemeshow, Stanley and Hosmer, David W},
  journal={Computational Statistics \& Data Analysis},
  volume={51},
  number={9},
  pages={4450--4464},
  year={2007},
  publisher={Elsevier}
}


@article{Fag08,
  title={Multinomial goodness-of-fit tests for logistic regression models},
  author={Fagerland, Morten W and Hosmer, David W and Bofin, Anna M},
  journal={Statistics in medicine},
  volume={27},
  number={21},
  pages={4238--4253},
  year={2008}
}

@article{Fag12,
  title={A generalized {H}osmer--{L}emeshow goodness--of--fit test for multinomial logistic regression models},
  author={Fagerland, Morten W and Hosmer, David W},
  journal={Stata Journal},
  volume={12},
  number={3},
  pages={447--453},
  year={2012}
}

@article{Fag13,
  title={A goodness-of-fit test for the proportional odds regression model},
  author={Fagerland, Morten W and Hosmer, David W},
  journal={Statistics in {M}edicine},
  volume={32},
  number={13},
  pages={2235--2249},
  year={2013},
  publisher={Wiley Online Library}
}

@article{Fer16,
author = {Fern\'{a}ndez, D. and Arnold, R. and Pledger,S.},
title= {Mixture-based clustering for the ordered stereotype model},
journal = {Computational Statistics and Data Analysis},
year = {2016},
volume= {93},
pages={46--75},
url= {http://www.sciencedirect.com/science/article/pii/S016794731400317X}
}

@article{Fon08,
  title={Need or availability? Modeling aftercare decisions for psychiatrically hospitalized adolescents},
  author={Fontanella, Cynthia A and Early, Theresa J and Phillips, Gary},
  journal={Children and Youth Services Review},
  volume={30},
  number={7},
  pages={758--773},
  year={2008}
}

@article{Gre94, 
author={Greenland, S.},
title={Alternative models for ordinal logistic regression}, 
volume={13}, 
number={16}, 
journal={Statistics in Medicine},
year={1994}, 
pages={1665--1677}
}

@article{Hos80,
  title={Goodness of fit tests for the multiple logistic regression model},
  author={Hosmer, David W and Lemesbow, Stanley},
  journal={Communications in Statistics-Theory and Methods},
  volume={9},
  number={10},
  pages={1043--1069},
  year={1980},
  publisher={Taylor \& Francis}
}

@article{haynam1982tables,
  title={Tables of the cumulative non-central chi-square distribution-part l 1},
  author={Haynam, GE and Govindarajulu, Z and Leone, FC and Siefert, P},
  journal={Statistics: A Journal of Theoretical and Applied Statistics},
  volume={13},
  number={3},
  pages={413--443},
  year={1982},
  publisher={Taylor \& Francis}
}


@book{Hos13,
  title={Applied logistic regression},
  author={Hosmer, David W and Lemeshow, Stanley and Sturdivant, Rodney X},
  volume={398},
  year={2013},
  publisher={John Wiley \& Sons}
}

@article{Khm81,
  title={A Remark on the Weak Convergence of Linear Decomposable Statistics},
  author={Khmaladze, EV},
  journal={Theory of Probability \& Its Applications},
  volume={25},
  number={3},
  pages={622--624},
  year={1981}
}

@article{Khm04,
  title={Martingale transforms goodness-of-fit tests in regression models},
  author={Khmaladze, Estate V and Koul, Hira L},
  journal={Annals of Statistics},
  pages={995--1034},
  year={2004}
} 


@article{Lin08,
  title={Assessing ordinal logistic regression models via nonparametric smoothing},
  author={Lin, Kuo-Chin and Chen, Yi-Ju},
  journal={Communications in Statistics - Theory and Methods},
  pages={917--930},
  volume={37},
  year={2008}
}


@article{LiS12,
  title={A new residual for ordinal outcomes},
  author={Li, Chun and Shepherd, Bryan E},
  journal={Biometrika},
  pages={1--8},
  year={2012}
}

@article{Lip96,
  title={Goodness-of-fit tests for ordinal response regression models},
  author={Lipsitz, Stuart R and Fitzmaurice, Garrett M and Molenberghs, Geert},
  journal={Applied Statistics},
  pages={175--190},
  year={1996}
}

@article{Liu05, 
title={The analysis of ordered categorical data: An overview and a survey of recent developments}, 
author={Liu, I. and Agresti, A.},
volume={14},
number={1}, 
journal={TEST: An Official Journal of the Spanish Society of Statistics and Operations Research}, 
publisher = {Springer}, 
pages={1--73},
year={2005}
}


@article{Liu09,
  title={Graphical diagnostics to check model misspecification for the proportional odds regression model},
  author={Liu, Ivy and Mukherjee, Bhramar and Suesse, Thomas and Sparrow, David and Park, Sung Kyun},
  journal={Statistics in medicine},
  volume={28},
  number={3},
  pages={412--429},
  year={2009}
}


@article{Mcc80,
  title = {Regression models for ordinal data},
  author = {McCullagh, P.},
  journal = {Journal of the Royal Statistical Society},
  pages = {109-142},
  volume = {42},
  year = {1980}
}

@book{Mcc89, 
  title={Generalized Linear Models}, 
  author={McCullagh, P. and Nelder, J. A.},
  edition= {2nd},
  publisher={London: Chapman \& Hall},
  year = {1989}
}


@article{OCo11,
  title={Model diagnostics for proportional and partial proportional odds models},
  author={O'Connell, Ann A and Liu, Xing},
  journal={Journal of Modern Applied Statistical Methods},
  volume={10},
  number={1},
  pages={15},
  year={2011}
}

@article{paul2013standardizing,
  title={Standardizing the power of the Hosmer--Lemeshow goodness of fit test in large data sets},
  author={Paul, Prabasaj and Pennell, Michael L and Lemeshow, Stanley},
  journal={Statistics in medicine},
  volume={32},
  number={1},
  pages={67--80},
  year={2013},
  publisher={Wiley Online Library}
}


@article{Pet90,
  title={Partial proportional odds models for ordinal response variables},
  author={Peterson, B. L. and Harrell, F. E.},
  journal={Applied statistics},
  pages={205--217},
  volume={39},
  publisher={Journal of the Royal Statistical Society, Series B},
  year={1990}
}

@article{Pul04,
  title={Goodness-of-fit tests for ordinal response regression models},
  author={Pulkstenis, Erik and Robinson, Timothy J},
  journal={Statistics in medicine},
  volume={23},
  number={6},
  pages={999--1014},
  year={2004},
}

@article{pulkstenis2002two,
  title={Two goodness-of-fit tests for logistic regression models with continuous covariates},
  author={Pulkstenis, Erik and Robinson, Timothy J},
  journal={Statistics in medicine},
  volume={21},
  number={1},
  pages={79--93},
  year={2002},
  publisher={Wiley Online Library}
}


@manual{Rde10, 
    author={{R Development Core Team}}, 
    title = {R: A Language and Environment for Statistical Computing}, 
    address = {Vienna, Austria},
    year = {2010}, 
    publisher = {R Foundation for Statistical Computing},
    url = {http://www.R-project.org},
    note = {{ISBN} 3-900051-07-0}
 } 

@article{Ste46,
    title = {On the Theory of Scales of Measurement},
    author = {Stevens, S.S.},
    journal = {Science},
    volume = {103},
    number = {2684},
    pages = {677--680},
    year = {1946}
}

@article{tsiatis1980note,
  title={A note on a goodness-of-fit test for the logistic regression model},
  author={Tsiatis, Anastasios A},
  journal={Biometrika},
  volume={67},
  number={1},
  pages={250--251},
  year={1980},
  publisher={Biometrika Trust}
}

@article{xie2008increasing,
  title={Increasing the power: A practical approach to goodness-of-fit test for logistic regression models with continuous predictors},
  author={Xie, Xian-Jin and Pendergast, Jane and Clarke, William},
  journal={Computational Statistics \& Data Analysis},
  volume={52},
  number={5},
  pages={2703--2713},
  year={2008},
  publisher={Elsevier}
}
